
@article{卢亚娟2020,
	title = {家庭结构对家庭参与保险市场的影响研究},
	issn = {1009-2382},
	url = {https://kns.cnki.net/KCMS/detail/detail.aspx?dbcode=CJFD&dbname=CJFDAUTO&filename=JJTL202005004&uid=WEEvREcwSlJHSldTTEYzU3FBN2wrY0gzK2Jic0NEOGpzd2IybUtnQzJNZz0=$9A4hF_YAuvQ5obgVAqNKPCYcEjKensW4IQMovwHtwkF4VYPoHbKxJw!!&v=MDkzODBlWDFMdXhZUzdEaDFUM3FUcldNMUZyQ1VSN3FmWXVSdkZ5cmhVNzNPTHlmZllyRzRITkhNcW85RllJUjg=},
	abstract = {"银发浪潮"的来临和年轻人生育观念的转变使得现阶段家庭结构发生巨大的变化,家庭对保险的需求也在逐渐增强,在影响家庭参与保险市场的诸多因素中,家庭结构是其中一个重要的影响因素。以2015年中国家庭金融调查研究中心(CHFS)的数据为样本,采用倾向得分匹配(PSM)的方法研究家庭结构对家庭保险参与的影响。研究结果表明:老年人的赡养压力、中年人的收入效应、青年人的抚养负担都会影响家庭在保险市场的参与程度。家庭中各代际人数差异对家庭选择各类保险的影响取决于其他代际人数的数量,并且,对不同的保险类别影响不尽相同。其中,家庭青年人的数量对家庭保险选择的影响更为明显。},
	language = {中文;},
	number = {05},
	urldate = {2020-05-20},
	journal = {现代经济探讨},
	author = {{卢亚娟} and {张雯涵}},
	year = {2020},
	keywords = {家庭结构, 保险选择, 倾向得分匹配(PSM), 影响机制},
	pages = {25--35},
	file = {Full Text PDF:/Users/zhangyi/Nutstore Files/work/zotero/storage/53YCJDSD/卢 和 张 - 2020 - 家庭结构对家庭参与保险市场的影响研究.pdf:application/pdf}
}

@article{杨静2020,
	title = {论不同家庭结构中的亲子关系},
	issn = {1673-3010},
	url = {https://kns.cnki.net/KCMS/detail/detail.aspx?dbcode=CJFD&dbname=CJFDAUTO&filename=DEYU202004017&uid=WEEvREcwSlJHSldTTEYzU3FBN2wrY0gzK2Jic0NEOGpzd2IybUtnQzJNZz0=$9A4hF_YAuvQ5obgVAqNKPCYcEjKensW4IQMovwHtwkF4VYPoHbKxJw!!&v=MjkzNjBlWDFMdXhZUzdEaDFUM3FUcldNMUZyQ1VSN3FmWXVSdkZ5cmhWTHpLSVNqU2U3RzRITkhNcTQ5RVk0Ujg=},
	abstract = {\&lt;正\&gt;良好的沟通和谈话是建立亲密情感的催化剂,能够加深彼此之间的理解和认识,达到正确了解孩子、认识孩子的目的,为建立良好亲子关系打下基础。在中国现代化的进程中,家庭教育被赋予更多的责任和更重要的意义。家庭教育以亲子互动为中心,亲子互动的方式、内容不同,导致了不同的家庭教育效果。因此,本文选取单亲家庭、隔代家},
	language = {中文;},
	number = {04},
	urldate = {2020-05-20},
	journal = {中国德育},
	author = {{杨静}},
	year = {2020},
	keywords = {亲子关系, 家庭结构, 隔代家庭, 核心家庭, 亲子互动},
	pages = {41--44},
	file = {Full Text PDF:/Users/zhangyi/Nutstore Files/work/zotero/storage/NYF5SLRR/杨 - 2020 - 论不同家庭结构中的亲子关系.pdf:application/pdf}
}

@article{吴愈晓2019,
	title = {变迁中的中国家庭结构与青少年发展（英文）},
	volume = {40},
	issn = {0252-9203},
	url = {https://kns.cnki.net/KCMS/detail/detail.aspx?dbcode=CJFD&dbname=CJFDLAST2019&filename=SHEK201904004&uid=WEEvREcwSlJHSldTTEYzU3FBN2wrY0gzK2Jic0NEOGpzd2IybUtnQzJNZz0=$9A4hF_YAuvQ5obgVAqNKPCYcEjKensW4IQMovwHtwkF4VYPoHbKxJw!!&v=MjEwMTQ5RllJUjhlWDFMdXhZUzdEaDFUM3FUcldNMUZyQ1VSN3FmWXVSdkZ5cmhWYnpNTmlYT1piRzRIOWpNcTQ=},
	abstract = {本文检验家庭结构与初中学生的教育发展和社会心理发展之间的关系及其中间机制,发现:第一,家庭结构影响孩子的发展,与父母亲双方共同居住(双亲家庭)的孩子的教育和社会心理发展水平均优于父母一方或双方缺失家庭的孩子。第二,家庭结构一定程度上通过家庭社会经济地位和父母教育参与这两个机制作用于孩子的发展。第三,父亲角色和母亲角色对子女发展的作用有差异,母亲对子女的教育发展更加重要,而父亲对孩子的社会心理发展更加重要。另外,家庭结构的分布呈现出明显的群体异质性,非双亲家庭更多来自社会经济地位较低的群体。青少年时期的发展与成年后的社会经济地位获得密切相关,因此父母亲在养育方面的缺位对孩子发展的负面影响,应引起...},
	language = {英文;},
	number = {04},
	urldate = {2020-05-20},
	journal = {Social Sciences in China},
	author = {吴愈晓 and 王鹏 and 杜思佳 and 亢晓妮},
	year = {2019},
	keywords = {教育发展, educational development, 家庭结构, 父母教育参与, 社会经济地位, 社会心理发展, family structure, parental participation in education, psychosocial development, socioeconomic status},
	pages = {64--79},
	file = {Full Text PDF:/Users/zhangyi/Nutstore Files/work/zotero/storage/LCWA2HQ9/吴 等。 - 2019 - 变迁中的中国家庭结构与青少年发展（英文）.pdf:application/pdf}
}

@article{吴愈晓2018,
	title = {变迁中的中国家庭结构与青少年发展},
	issn = {1002-4921},
	url = {https://kns.cnki.net/kcms/detail/detail.aspx?filename=ZSHK201802005&dbcode=CJFD&dbname=CJFD2018&v=},
	abstract = {探讨影响青少年健康全面发展的因素有重要的现实意义,通过检验家庭结构与初中学生的教育发展和社会心理发展之间的关系及其中间机制发现:第一,家庭结构影响孩子的发展,与父母亲双方共同居住(双亲家庭)的孩子的教育和社会心理发展水平均优于父母一方或双方缺失家庭的孩子。第二,家庭结构一定程度上通过家庭社会经济地位和父母教育参与这两个机制作用于孩子的发展。第三,父亲角色和母亲角色对子女发展的作用有差异,母亲对子女的教育发展更加重要,而父亲对孩子的社会心理发展更加重要。另外,家庭结构的分布呈现出明显的群体异质性,非双亲家庭更多来自社会经济地位较低的群体。由于青少年时期的发展与成年后的社会经济地位获得密切相关,因...},
	language = {中文;},
	number = {02},
	urldate = {2020-05-20},
	journal = {中国社会科学},
	author = {{吴愈晓} and {王鹏} and {杜思佳}},
	year = {2018},
	keywords = {教育发展, 家庭结构, 父母教育参与, 社会经济地位, 社会心理发展},
	pages = {98--120+206--207},
	file = {Full Text PDF:/Users/zhangyi/Nutstore Files/work/zotero/storage/IXYBD5TX/吴 等。 - 2018 - 变迁中的中国家庭结构与青少年发展.pdf:application/pdf}
}

@article{johnston_two_2020,
	title = {Two {Methods} for {Studying} the {Developmental} {Significance} of {Family} {Structure} {Trajectories}},
	volume = {82},
	issn = {0022-2445, 1741-3737},
	url = {https://onlinelibrary.wiley.com/doi/abs/10.1111/jomf.12639},
	doi = {10.1111/jomf.12639},
	language = {en},
	number = {3},
	urldate = {2020-07-02},
	journal = {Journal of Marriage and Family},
	author = {Johnston, Carol A. and Crosnoe, Robert and Mernitz, Sara E. and Pollitt, Amanda M.},
	month = jun,
	year = {2020},
	pages = {1110--1123},
	file = {Johnston 等。 - 2020 - Two Methods for Studying the Developmental Signifi.pdf:/Users/zhangyi/Nutstore Files/work/zotero/storage/3AGGJ3KW/Johnston 等。 - 2020 - Two Methods for Studying the Developmental Signifi.pdf:application/pdf}
}

@article{cross_racialethnic_2020,
	title = {Racial/{Ethnic} {Differences} in the {Association} {Between} {Family} {Structure} and {Children}'s {Education}},
	volume = {82},
	issn = {0022-2445, 1741-3737},
	url = {https://onlinelibrary.wiley.com/doi/abs/10.1111/jomf.12625},
	doi = {10.1111/jomf.12625},
	language = {en},
	number = {2},
	urldate = {2020-07-02},
	journal = {Journal of Marriage and Family},
	author = {Cross, Christina J.},
	month = apr,
	year = {2020},
	pages = {691--712},
	file = {Cross - 2020 - RacialEthnic Differences in the Association Betwe.pdf:/Users/zhangyi/Nutstore Files/work/zotero/storage/P7RMTXWZ/Cross - 2020 - RacialEthnic Differences in the Association Betwe.pdf:application/pdf}
}

@article{umberson_family_2020,
	title = {Family {Matters}: {Research} on {Family} {Ties} and {Health}, 2010 to 2020},
	volume = {82},
	issn = {1741-3737},
	shorttitle = {Family {Matters}},
	url = {https://onlinelibrary.wiley.com/doi/abs/10.1111/jomf.12640},
	doi = {10.1111/jomf.12640},
	abstract = {Family ties have wide-ranging consequences for health, for better and for worse. This decade review uses a life course perspective to frame significant advances in research on the effects of family structure and transitions (e.g., marital status) and family dynamics and quality (e.g., emotional support from family members) on health across the life course. Significant advances include the linking of childhood family experiences to health at older ages, identification of biosocial processes that explain how family ties influence health throughout life, research on social contagion showing how family members influence one another's health, and attention to diversity in family and health dynamics, including gender, sexuality, socioeconomic, and racial diversity. Significant innovations in methods include dyadic and family-level analysis and causal inference strategies. The review concludes by identifying directions for future research on families and health, advocating for a “family biography” framework to guide future research, and calling for more research specifically designed to assess policies that affect families and their health from childhood into later life.},
	language = {en},
	number = {1},
	urldate = {2020-07-02},
	journal = {Journal of Marriage and Family},
	author = {Umberson, Debra and Thomeer, Mieke Beth},
	year = {2020},
	note = {\_eprint: https://onlinelibrary.wiley.com/doi/pdf/10.1111/jomf.12640},
	keywords = {family health, life course, marriage and close relationships, parent–child relations, well-being},
	pages = {404--419},
	file = {Full Text PDF:/Users/zhangyi/Nutstore Files/work/zotero/storage/8J4WN9TY/Umberson 和 Thomeer - 2020 - Family Matters Research on Family Ties and Health.pdf:application/pdf}
}

@article{mostafa_impact_2018,
	title = {The {Impact} of {Complex} {Family} {Structure} on {Child} {Well}-being: {Evidence} {From} {Siblings}: {Complex} {Families}: {Evidence} {From} {Sibling} {Data}},
	volume = {80},
	issn = {00222445},
	shorttitle = {The {Impact} of {Complex} {Family} {Structure} on {Child} {Well}-being},
	url = {http://doi.wiley.com/10.1111/jomf.12456},
	doi = {10.1111/jomf.12456},
	language = {en},
	number = {4},
	urldate = {2020-07-03},
	journal = {Journal of Marriage and Family},
	author = {Mostafa, Tarek and Gambaro, Ludovica and Joshi, Heather},
	month = aug,
	year = {2018},
	pages = {902--918},
	file = {全文:/Users/zhangyi/Nutstore Files/work/zotero/storage/SGMLWLRA/Mostafa 等。 - 2018 - The Impact of Complex Family Structure on Child We.pdf:application/pdf}
}

@article{罗楚亮2020,
	title = {家庭结构与居民收入差距},
	volume = {8},
	issn = {2095-6703},
	url = {https://kns.cnki.net/kcms/detail/detail.aspx?dbcode=CJFD&filename=LDJJ202001001&dbname=CJFDAUTO&uid=WEEvREcwSlJHSldTTEYzVTFPV2k0QnovV3RnV1BoTVRmWkhjbzR4SU5mdz0%3D%249A4hF_YAuvQ5obgVAqNKPCYcEjKensW4IQMovwHtwkF4VYPoHbKxJw!!},
	abstract = {本文基于中国居民收入分配课题组1988-2013年住户调查数据,探讨家庭结构的变迁对于居民收入差距的影响。基于广义熵指数分解结果表明,中国家庭结构组内差距是总体收入差距的主要解释来源,组内差距变动也是总体收入差距变动的主要因素。总体上,家庭结构变迁对居民收入差距的贡献份额较低,人群组内部变动是居民收入差距变动的主要解释来源。在1988-2013年期间,家庭结构变迁小幅度地扩大了居民收入差距。G·Fields分解结果表明,家庭人口规模变动对居民收入差距的贡献份额有所上升,而家庭代际结构、人口结构和年龄结构对于居民收入差距贡献份额很小。此外,城乡因素、家庭教育因素和区域因素对于总体收入差距具有重要...},
	language = {中文;},
	number = {01},
	urldate = {2020-07-05},
	journal = {劳动经济研究},
	author = {{罗楚亮} and {颜迪}},
	year = {2020},
	keywords = {家庭结构, 收入差距, family structure, G·Fields decomposition, G·Fields分解, GE指数, generalized entropy index, income inequality},
	pages = {3--25},
	file = {Full Text PDF:/Users/zhangyi/Nutstore Files/work/zotero/storage/REQWAQVE/罗 和 颜 - 2020 - 家庭结构与居民收入差距.pdf:application/pdf}
}

@article{王跃生2013,
	title = {中国城乡家庭结构变动分析——基于2010年人口普查数据},
	issn = {1002-4921},
	url = {https://kns.cnki.net/KCMS/detail/detail.aspx?dbcode=CJFD&dbname=CJFDHIS2&filename=ZSHK201312004&v=MDU5NDF6N0RaYkc0SDlMTnJZOUZZSVI4ZVgxTHV4WVM3RGgxVDNxVHJXTTFGckNVUjdxZllPWnFGeTNnVmJ6QlA=},
	abstract = {2000年以来中国家庭结构变动主要表现为:核心家庭比例明显下降,单人户显著上升,直系家庭没有降低反而略有增加。城乡家庭结构变动有别:城市核心家庭构成缩小,单人户明显增加,直系家庭稍有降低;农村核心家庭构成降幅较大,单人户提高,直系家庭上升。城乡二级家庭结构变动也不尽相同。数据显示,人口流动、子女数量、人口老龄化、婚姻和住房情况对家庭结构及其变动有显著影响。在家庭结构小型化为主导的时代,政府及社会组织应加强以家庭为目标的公共服务建设;改进户籍制度,减少劳动者与其家庭成员的地域分割;为增进和改善家庭代际关系创造条件。},
	language = {中文;},
	number = {12},
	urldate = {2020-07-05},
	journal = {中国社会科学},
	author = {{王跃生}},
	year = {2013},
	keywords = {城乡差异, 家庭结构, 社会转型, 人口普查},
	pages = {60--77+205--206},
	file = {Full Text PDF:/Users/zhangyi/Nutstore Files/work/zotero/storage/ZIMZ8H4Q/王 - 2013 - 中国城乡家庭结构变动分析——基于2010年人口普查数据.pdf:application/pdf}
}

@article{汪建华2019,
	title = {小型化还是核心化?——新中国70年家庭结构变迁},
	issn = {2095-9095},
	shorttitle = {小型化还是核心化?},
	url = {https://kns.cnki.net/KCMS/detail/detail.aspx?dbcode=CJFD&dbname=CJFDLAST2019&filename=ZSKP201902012&v=MjQyMDdTN0RoMVQzcVRyV00xRnJDVVI3cWZZT2R2Rnl6blZyM05QejdBZnJHNEg5ak1yWTlFWm9SOGVYMUx1eFk=},
	abstract = {新中国成立70年来我国的家庭结构总体趋于小型化,但在改革开放后,核心化趋势并没有进一步强化,传统直系家庭、三代及以上户仍然占有一席之地;家庭结构变迁的动力不仅来源于城市化、工业化,也与土地改革、农业集体化、政治运动、生活条件、计划生育、农村联产承包责任制等因素密切相关。对比家庭现代化理论和我国已有家庭结构变迁研究文献发现:小型化与核心化趋势在不同时期并不一致,土改和集体化时期家庭结构的核心化并未带来小型化,改革开放后小型化也未伴随进一步的核心化;相关指标在2015年抽样调查数据中出现反弹,家庭结构在现代化进程中并未线性演进。},
	language = {中文;},
	number = {02},
	urldate = {2020-07-10},
	journal = {中国社会科学评价},
	author = {汪建华},
	year = {2019},
	keywords = {家庭结构, 变迁趋势, 核心化, 家庭现代化理论, 小型化},
	pages = {118--130+144},
	file = {Full Text PDF:/Users/zhangyi/Nutstore Files/work/zotero/storage/VK8UWQSG/汪 - 2019 - 小型化还是核心化——新中国70年家庭结构变迁.pdf:application/pdf}
}

@article{王跃生2006,
	title = {当代中国家庭结构变动分析},
	issn = {1002-4921},
	url = {https://kns.cnki.net/KCMS/detail/detail.aspx?dbcode=CJFD&dbname=CJFD2006&filename=ZSHK200601010&uid=WEEvREcwSlJHSldTTEYzVTFPV2k0QjBEcFF6cElTd1JaaklOLzRPZzdlUT0=$9A4hF_YAuvQ5obgVAqNKPCYcEjKensW4IQMovwHtwkF4VYPoHbKxJw!!&v=MTQ4NDFYMUx1eFlTN0RoMVQzcVRyV00xRnJDVVI3cWZZT2R2Rnl6blY3ekJQejdEWmJHNEh0Zk1ybzlFWklSOGU=},
	abstract = {当代中国家庭结构变动呈现出三种状态:1.相对稳定的家庭类型。三代直系家庭是其代表;城镇三代直系家庭的维系得益于家庭内部管理的松弛,在农村则与独子比例增大有关。2.明显上升的家庭类型。夫妇核心家庭提高幅度显著,实行20余年的独生子女政策是这一家庭类型的主要推动力量;隔代直系家庭增长率最高,它既是中国社会转型阶段的重要现象,又是社会发展具有缺陷的反映;单人家庭也有增长,青年人晚婚和老年人口预期寿命延长、老年丧偶比重提高是主要影响因素。3.以下降为表现形式的家庭类型。缺损核心家庭明显减少,标准核心家庭有所下降。后者的降低主要是夫妇核心家庭上升所致,或谓核心家庭内部不同类型调整的结果。今后一段时期内中...},
	language = {中文;},
	number = {01},
	urldate = {2020-07-10},
	journal = {中国社会科学},
	author = {王跃生},
	year = {2006},
	keywords = {家庭结构, “五普”长表数据, 夫妇核心家庭, 隔代直系家庭, 三代直系家庭},
	pages = {96--108+207},
	file = {当代中国家庭结构变动分析_王跃生.pdf:/Users/zhangyi/Nutstore Files/work/zotero/storage/ZFWFPSIH/当代中国家庭结构变动分析_王跃生.pdf:application/pdf}
}

@article{song_complexity_2020,
	title = {Complexity of {Chinese} {Family} {Life}: {Individualism}, {Familism}, and {Gender}},
	volume = {20},
	issn = {1015-6607},
	shorttitle = {Complexity of {Chinese} {Family} {Life}},
	url = {https://muse.jhu.edu/article/757485},
	abstract = {, Abstract:, As market reforms and socioeconomic development have transformed the Chinese economy, family life in rural and urban areas has also been directly and indirectly altered. Yet demographers who observe the rise of singlehood and sub-replacement fertility find confirmation of the universal application of theories in support of the Second Demographic Transition (SDT), while others find that high rates of marriage, near absence of births outside of marriage, and continuing centrality of inter-generational aid flows call for a more nuanced approach in China. In response to the still limited research on this rising diversity of contemporary family life in China, this special issue provides both theoretical insights and empirical evidence to examine how individualistic and familial values coexist, clash, and interact in different aspects of family life, and how gender relations and intergenerational politics have evolved at the same time.},
	language = {en},
	number = {2},
	urldate = {2020-07-10},
	journal = {China Review},
	author = {Song, Jing and Ji, Yingchun},
	month = jun,
	year = {2020},
	note = {Publisher: The Chinese University of Hong Kong Press},
	pages = {1--17}
}

@article{吴帆2020,
	title = {中国三代家庭代际关系的新动态：兼论人口动力学因素的影响},
	volume = {42},
	issn = {1004-129X},
	url = {https://kns.cnki.net/KCMS/detail/detail.aspx?dbcode=CJFD&dbname=CJFDAUTO&filename=RKXK202004001&v=MDEzMDBGckNVUjdxZllPZHJGeS9tVXI3SU55YlRaYkc0SE5ITXE0OUZaWVI4ZVgxTHV4WVM3RGgxVDNxVHJXTTE=},
	abstract = {家庭代际关系的转变受多重因素的共同驱动。作为关键的驱动力,人口动力学因素不仅决定家庭的规模、结构和生命周期,也直接影响甚至改变着家庭代际关系的形态、结构和运行模式。在老龄化和低生育率背景下,中国三代家庭代际关系日益普遍,其社会价值和福利功能变得越来越重要。本研究基于10个典型家庭不同代际成员的半结构访谈资料,对我国三代家庭代际关系的新动态进行探索性分析,发现代际关系呈现形态多样化、代际支持隔代化、代际关系动态化的新特点。三代家庭代际关系是复杂的关系结构,不同家庭在这个关系架构中所蕴含的关系形态不尽相同,三代人的人口学及社会经济特征、家庭所处生命周期、家庭生活重大事件、家庭策略都会决定代际关系结...},
	language = {中文;},
	number = {04},
	urldate = {2020-07-14},
	journal = {人口学刊},
	author = {{吴帆} and {尹新瑞}},
	year = {2020},
	keywords = {代际关系, 代际支持, 人口动力学因素, 三代家庭, Demographic Dynamics Factors, Intergenerational Relationship, Intergenerational Support, Three-generations Family},
	pages = {5--18}
}

@article{吴帆2020,
	title = {中国城市居民代际居住安排:一项基于{CHARLS的拓展研究}},
	volume = {42},
	issn = {1674-2338},
	shorttitle = {中国城市居民代际居住安排},
	url = {https://kns.cnki.net/KCMS/detail/detail.aspx?dbcode=CJFD&dbname=CJFDLAST2020&filename=HSXX202003002&uid=WEEvREcwSlJHSldTTEYzVTFPV2k0QjBINUhvUHFxa3oxaVFkSnh0aHRqdz0=$9A4hF_YAuvQ5obgVAqNKPCYcEjKensW4IQMovwHtwkF4VYPoHbKxJw!!&v=MDg3MDFUN1Rkckc0SE5ITXJJOUZab1I4ZVgxTHV4WVM3RGgxVDNxVHJXTTFGckNVUjdxZllPZHJGeS9tVTc3Tkw=},
	abstract = {在现代化和老龄化的背景下,中国城市家庭居住安排正在经历着深刻的变迁。研究从家庭现代化因素、代际需求因素和家庭生命周期因素三个维度,利用"中国健康与养老追踪调查"2015年的数据,构建多项式logistic回归模型,对我国城市家庭代际居住安排进行分析。结果显示,在中国城市,约6成父母与已婚子女选择同住或邻住的居住方式。其中,代际需求对居住安排具有显著影响,同住安排表现出明显的子代需求导向,邻住安排则表现出明显的父辈需求导向,父辈丧偶和子代结婚是居住安排变化的关键节点。现代化和传统文化共同形塑了我国城市家庭的代际居住安排,现代化因素对同住安排具有双重影响,一方面为独立居住提供了经济基础和文化基础,...},
	language = {中文;},
	number = {03},
	urldate = {2020-07-14},
	journal = {杭州师范大学学报(社会科学版)},
	author = {吴帆 and 冯丽琴},
	year = {2020},
	keywords = {代际关系, 多项式logistics回归模型, 居住安排, CHARLS2015, inter-generational relationship, Living arrangement, multinomial logistic regression model},
	pages = {10--19},
	file = {Full Text PDF:/Users/zhangyi/Nutstore Files/work/zotero/storage/RR7QC7EJ/吴 和 冯 - 2020 - 中国城市居民代际居住安排一项基于CHARLS的拓展研究.pdf:application/pdf}
}

@article{王跃生2008,
	title = {中国家庭代际关系的理论分析},
	issn = {1000-6087},
	url = {https://kns.cnki.net/KCMS/detail/detail.aspx?dbcode=CJFD&dbname=CJFD2008&filename=RKYZ200804002&uid=WEEvREcwSlJHSldTTEYzVTFPV2k0QjBINUhvUHFxa3oxaVFkSnh0aHRqdz0=$9A4hF_YAuvQ5obgVAqNKPCYcEjKensW4IQMovwHtwkF4VYPoHbKxJw!!&v=MjIwNDV4WVM3RGgxVDNxVHJXTTFGckNVUjdxZllPZHJGeS9tVnJ2S055YlNkTEc0SHRuTXE0OUZab1I4ZVgxTHU=},
	abstract = {中国家庭代际关系并非只有抚养—赡养一种关系形式。抚养行为发生在父母和未成年子女之间,赡养行为存在于壮年子女与老年父母之间。在成年子女和壮年父母之间还有另一种关系—交换关系。但抚养-赡养关系不能用交换关系去解释,因为它不是严格意义上行为主体之间的交换关系。完整的代际关系既有抚养—赡养关系,又有交换关系,两者具有并存特征。社会发展阶段不同,代际关系的层次和类型也有不同。},
	language = {中文;},
	number = {04},
	urldate = {2020-07-14},
	journal = {人口研究},
	author = {{王跃生}},
	year = {2008},
	keywords = {代际关系, 抚养—赡养关系, 交换关系, 农村},
	pages = {13--21},
	file = {王 - 2008 - 中国家庭代际关系的理论分析.pdf:/Users/zhangyi/Nutstore Files/work/zotero/storage/IYL6WMEH/王 - 2008 - 中国家庭代际关系的理论分析.pdf:application/pdf}
}

@article{王跃生2006,
	title = {当代中国城乡家庭结构变动比较},
	issn = {1004-8804},
	url = {https://kns.cnki.net/kcms/detail/detail.aspx?filename=SHEH200603006&dbcode=cjfd&dbname=cjfd2006&v=},
	abstract = {20世纪90年代末城乡核心家庭虽相对减少,然而,城乡家庭结构的简化趋势并没有改变。在城市,其标志是单人家庭上升,核心家庭中夫妇核心家庭上升,直系家庭中三代直系家庭下降。乡村三代直系家庭增加,约占乡村家庭总数的20\%以上,达到近20年的最高水平;单人家庭和夫妇核心家庭则处于增长状态。当代城乡家庭结构的变动特征与二十余年来计划生育政策推行之下“少生”和“独生”环境的形成有密切关系。经济转型中人口迁移流动加速也促使家庭类型变化。在这一背景之下,家庭养老资源进一步萎缩,这对社会保障和社会服务工作提出了更迫切的要求。},
	language = {中文;},
	number = {03},
	urldate = {2020-07-14},
	journal = {社会},
	author = {王跃生},
	year = {2006},
	keywords = {“五普”长表数据, 城乡比较, 家庭结构, 历史演变, comparison between urban and rural areas, data from the 2000 census, family structure, historical change},
	pages = {118--136+208},
	file = {当代中国城乡家庭结构变动比较_王跃生.pdf:/Users/zhangyi/Nutstore Files/work/zotero/storage/SX2ZBZZR/当代中国城乡家庭结构变动比较_王跃生.pdf:application/pdf}
}

@article{王跃生2016,
	title = {中国家庭代际功能关系及其新变动},
	volume = {40},
	issn = {1000-6087},
	url = {https://kns.cnki.net/kcms/detail/detail.aspx?filename=RKYZ201605004&dbcode=CJFQ&dbname=CJFD2016&v=},
	abstract = {家庭代际功能关系是由义务和责任履行、权利享有、需求交换和情感沟通所组成的体系。社会转型之下,亲代对子代的教育义务增大,子代赡养亲代义务减轻;高龄和生活不能自理父母对子女尚有照料依赖。随着独生子女一代的长大,女儿在代际功能关系中的作用提高,甚至具有不可替代性;人口预期寿命提高,直系成员存世代数增加,4代存世家庭大幅度上升,可能加大子代的照料负担。整体看子代"回馈"亲代的功能下降,直接影响育龄夫妇的生育行为。子代代际功能关系履行降低有社会福利制度的替代、客观条件制约的作用,也有主观意识弱化的因素,还有约束性制度环境欠缺的问题。政府和社会组织应推动适应现代社会要求的新的代际功能关系的建立。},
	language = {中文;},
	number = {05},
	urldate = {2020-07-14},
	journal = {人口研究},
	author = {{王跃生}},
	year = {2016},
	keywords = {代际功能关系, 代际关系, 家庭, 社会转型, Family, Intergenerational Functional Relationship, Intergenerational Relationship, Social Trans formation},
	pages = {33--49},
	file = {Full Text PDF:/Users/zhangyi/Nutstore Files/work/zotero/storage/F5CHFDFK/王 - 2016 - 中国家庭代际功能关系及其新变动.pdf:application/pdf}
}

@article{刘宝驹2000,
	title = {现代中国城市家庭结构变化研究},
	issn = {1002-5936},
	url = {https://kns.cnki.net/KCMS/detail/detail.aspx?dbcode=CJFD&dbname=CJFD2000&filename=SHXJ200006004&uid=WEEvREcwSlJHSldTTEYzVTFPV2k0QjBINUhvUHFxa3oxaVFkSnh0aHRqdz0=$9A4hF_YAuvQ5obgVAqNKPCYcEjKensW4IQMovwHtwkF4VYPoHbKxJw!!&v=MzIwNzJUM3FUcldNMUZyQ1VSN3FmWU9kckZ5L21XcnpQTmlYVFpMRzRIdEhNcVk5RllJUjhlWDFMdXhZUzdEaDE=},
	abstract = {Based on the data collected through three surveys on urban family in China,we examine the change of the family structure and the factors which have effected on it from both point views of social change and family life cycle.The main finding of the data analysis is that change of family structure wit...},
	language = {中文;},
	number = {06},
	urldate = {2020-07-14},
	journal = {社会学研究},
	author = {刘宝驹},
	year = {2000},
	keywords = {?},
	pages = {31--37},
	file = {现代中国城市家庭结构变化研究_刘宝驹.pdf:/Users/zhangyi/Nutstore Files/work/zotero/storage/Q7R6D42H/现代中国城市家庭结构变化研究_刘宝驹.pdf:application/pdf}
}

@article{于洪彦2007,
	title = {中国家庭生命周期模型的构建及实证研究},
	issn = {1672-0334},
	url = {https://kns.cnki.net/KCMS/detail/detail.aspx?dbcode=CJFD&dbname=CJFD2007&filename=JCJJ200706006&uid=WEEvREcwSlJHSldTTEYzVTFPV2k0QjBINUhvUHFxa3oxaVFkSnh0aHRqdz0=$9A4hF_YAuvQ5obgVAqNKPCYcEjKensW4IQMovwHtwkF4VYPoHbKxJw!!&v=MDA3NTZyV00xRnJDVVI3cWZZT2RyRnkvbVdycklMeTdCWkxHNEh0Yk1xWTlGWW9SOGVYMUx1eFlTN0RoMVQzcVQ=},
	abstract = {对文献进行综述分析,提出建立中国式家庭生命周期模型具有现实意义,并根据中国与美国人口统计和文化上的差异,以Gilly等的家庭生命周期模型为参照,建立适合中国环境的家庭生命周期模型,并对模型作为市场细分变量的有效性进行实证研究。通过实地调查获得数据,采用含虚拟变量的半对数回归模型进行分析。结论表明,新建模型对部分家庭消费做出很好的解释,新建模型与家庭月收入变量相结合时对家庭消费的解释能力增强。研究结果可为企业制订营销战略提供参考。},
	language = {中文;},
	number = {06},
	urldate = {2020-07-14},
	journal = {管理科学},
	author = {{于洪彦} and {刘艳彬}},
	year = {2007},
	keywords = {家庭生命周期, 家庭生命周期模型, 市场细分, 消费者行为, 营销战略, consumer behavior, family life cycle, family life cycle model, market segmentation, marketing strategy},
	pages = {45--53},
	file = {中国家庭生命周期模型的构建及实证研究_于洪彦.pdf:/Users/zhangyi/Nutstore Files/work/zotero/storage/QB7FWYVD/中国家庭生命周期模型的构建及实证研究_于洪彦.pdf:application/pdf}
}


@article{张帆2020,
	title = {与祖辈同住：当前中国家庭的三代居住安排与青少年的学业表现},
	volume = {40},
	issn = {1004-8804},
	language = {中文;},
	number = {03},
	journal = {社会},
	author = {张帆 and 吴愈晓},
	year = {2020},
	keywords = {学业表现, 多代居住安排, 家庭社会资本, 祖辈, adolescent's academic performance, family social capital, grandparents, multi-generational living arrangement},
	pages = {212--240},
	file = {Full Text PDF:/Users/zhangyi/Nutstore Files/work/zotero/storage/2WTW78LB/张 和 吴 - 2020 - 与祖辈同住：当前中国家庭的三代居住安排与青少年的学业表现.pdf:application/pdf}
}

